@BOOK{Belousov,
author = "БЕЛОУСОВ А.И., ТКАЧЕВ С.Б.",
title = "Дискретная математика: Учеб. Для вузов / Под ред. В.С. Зарубина, А.П. Крищенко.",
address = "М.",
publisher = "МГТУ им. Н.Э. Баумана",
year = 2001,
language = "russian"
}

@BOOK{Ulman,
author = "АХО А.В, ЛАМ М.С., СЕТИ Р., УЛЬМАН Дж.Д.",
title = "Компиляторы: принципы, технологии и инструменты.",
address = "М.",
publisher = "Вильямс",
year = 2008,
language = "russian"
}



